@book{versteeg2007introduction,
	title={An introduction to computational fluid dynamics: the finite volume method},
	author={Versteeg, Henk Kaarle and Malalasekera, Weeratunge},
	year={2007},
	publisher={Pearson education}
}

@article{comolli2021dynamics,
  title={Dynamics of A+ B→ C reaction fronts under radial advection in a Poiseuille flow},
  author={Comolli, Alessandro and De Wit, Anne and Brau, Fabian},
  journal={Physical Review E},
  volume={104},
  number={4},
  pages={044206},
  year={2021},
  publisher={APS}
}

@article{horne1983dispersion,
	title={Dispersion in tracer flow in fractured geothermal systems},
	author={Horne, Roland N and Rodriguez, Fernando},
	journal={Geophysical Research Letters},
	volume={10},
	number={4},
	pages={289--292},
	year={1983},
	publisher={Wiley Online Library}
}

@article{eckert2012,
	title={A+ B→ C reaction fronts in Hele-Shaw cells under modulated gravitational acceleration},
	author={Eckert, Kerstin and Rongy, Laurence and De Wit, Anne},
	journal={Physical Chemistry Chemical Physics},
	volume={14},
	number={20},
	pages={7337--7345},
	year={2012},
	publisher={Royal Society of Chemistry}
}

@book{levenspiel1998chemical,
	title={Chemical reaction engineering},
	author={Levenspiel, Octave},
	year={1998},
	publisher={John wiley \& sons}
}

@article{aris1956dispersion,
	title={On the dispersion of a solute in a fluid flowing through a tube},
	author={Aris, Rutherford},
	journal={Proceedings of the Royal Society of London. Series A. Mathematical and Physical Sciences},
	volume={235},
	number={1200},
	pages={67--77},
	year={1956},
	publisher={The Royal Society London}
}

@article{toth2020effects,
	title={Effects of radial injection and solution thickness on the confined A+ B→ C chemical fronts},
	author={T{\'o}th, {\'A}gota and Schuszter, G{\'a}bor and Das, Nirmali Prabha and Lantos, Emese and Horv{\'a}th, Dezs{\H{o}} and De Wit, Anne and Brau, Fabian},
	journal={Physical Chemistry Chemical Physics},
	volume={22},
	number={18},
	pages={10278--10285},
	year={2020},
	publisher={Royal Society of Chemistry}
}

@article{edwards2002poiseuille,
	title={Poiseuille advection of chemical reaction fronts},
	author={Edwards, Boyd F},
	journal={Physical review letters},
	volume={89},
	number={10},
	pages={104501},
	year={2002},
	publisher={APS}
}

@article{kuto2017concentration,
	title={Concentration profile of endemic equilibrium of a reaction--diffusion--advection SIS epidemic model},
	author={Kuto, Kousuke and Matsuzawa, Hiroshi and Peng, Rui},
	journal={Calculus of Variations and Partial Differential Equations},
	volume={56},
	number={4},
	pages={1--28},
	year={2017},
	publisher={Springer}
}

@article{manual2009ansys,
	title={ANSYS FLUENT 12.0},
	author={Manual, UDF},
	journal={Theory Guide},
	year={2009}
}

@article{kim2020pattern,
	title={Pattern formation in reaction--diffusion systems on evolving surfaces},
	author={Kim, Hyundong and Yun, Ana and Yoon, Sungha and Lee, Chaeyoung and Park, Jintae and Kim, Junseok},
	journal={Computers \& Mathematics with Applications},
	volume={80},
	number={9},
	pages={2019--2028},
	year={2020},
	publisher={Elsevier}
}

@article{chen2012dynamics,
	title={Dynamics of a reaction-diffusion-advection model for two competing species},
	author={Chen, Xinfu and Lam, King-Yeung and Lou, Yuan},
	journal={Discrete \& Continuous Dynamical Systems},
	volume={32},
	number={11},
	pages={3841},
	year={2012},
	publisher={American Institute of Mathematical Sciences}
}

@article{villermaux2012mixing,
	title={Mixing by porous media},
	author={Villermaux, Emmanuel},
	journal={Comptes Rendus M{\'e}canique},
	volume={340},
	number={11-12},
	pages={933--943},
	year={2012},
	publisher={Elsevier}
}

@article{perez2019upscaling,
	title={Upscaling of mixing-limited bimolecular chemical reactions in Poiseuille flow},
	author={Perez, Lazaro J and Hidalgo, Juan J and Dentz, Marco},
	journal={Water Resources Research},
	volume={55},
	number={1},
	pages={249--269},
	year={2019},
	publisher={Wiley Online Library}
}

@article{chen2018hopf,
	title={Hopf bifurcation in a delayed reaction--diffusion--advection population model},
	author={Chen, Shanshan and Lou, Yuan and Wei, Junjie},
	journal={Journal of Differential Equations},
	volume={264},
	number={8},
	pages={5333--5359},
	year={2018},
	publisher={Elsevier}
}

@article{wang2019persistence,
	title={Persistence and extinction of population in reaction-diffusion-advection model with weak Allee effect growth},
	author={Wang, Yan and Shi, Junping},
	journal={SIAM Journal on Applied Mathematics},
	volume={79},
	number={4},
	pages={1293--1313},
	year={2019},
	publisher={SIAM}
}

@article{vitturi2016navier,
	title={Navier-Stokes equations in cylindrical coordinates},
	author={Vitturi, Mattia de'Michieli},
	year={2016}
}

@article{noble1974geographic,
	title={Geographic and temporal development of plagues},
	author={Noble, Julia V},
	journal={Nature},
	volume={250},
	number={5469},
	pages={726--729},
	year={1974},
	publisher={Nature Publishing Group}
}

@book{may1991infectious,
	title={Infectious diseases of humans: dynamics and control},
	author={May, Robert M},
	year={1991},
	publisher={Oxford University Press}
}

@article{abrams2003modelling,
	title={Modelling the dynamics of language death},
	author={Abrams, Daniel M and Strogatz, Steven H},
	journal={Nature},
	volume={424},
	number={6951},
	pages={900--900},
	year={2003},
	publisher={Nature Publishing Group}
}

@article{mastromatteo2014anomalous,
	title={Anomalous impact in reaction-diffusion financial models},
	author={Mastromatteo, Iacopo and Toth, Bence and Bouchaud, J-P},
	journal={Physical review letters},
	volume={113},
	number={26},
	pages={268701},
	year={2014},
	publisher={APS}
}

@article{ebert2000front,
	title={Front propagation into unstable states: universal algebraic convergence towards uniformly translating pulled fronts},
	author={Ebert, Ute and van Saarloos, Wim},
	journal={Physica D: Nonlinear Phenomena},
	volume={146},
	number={1-4},
	pages={1--99},
	year={2000},
	publisher={Elsevier}
}

@article{nakagaki1999reaction,
	title={Reaction--diffusion--advection model for pattern formation of rhythmic contraction in a giant amoeboid cell of thephysarumplasmodium},
	author={Nakagaki, Toshiyuki and Yamada, Hiroyasu and Ito, Masami},
	journal={Journal of theoretical biology},
	volume={197},
	number={4},
	pages={497--506},
	year={1999},
	publisher={Elsevier}
}

@article{galfi1988properties,
	title={Properties of the reaction front in an A+ B→ C type reaction-diffusion process},
	author={G{\'a}lfi, L and R{\'a}cz, Z},
	journal={Physical Review A},
	volume={38},
	number={6},
	pages={3151},
	year={1988},
	publisher={APS}
}

@article{koo1991space,
	title={Space-and time-resolved diffusion-limited binary reaction kinetics in capillaries: experimental observation of segregation, anomalous exponents, and depletion zone},
	author={Koo, Yong -Eun Lee and Kopelman, Raoul},
	journal={Journal of Statistical Physics},
	volume={65},
	pages={893--918},
	year={1991},
	publisher={Springer}
}

@article{al2019simulation,
	title={Simulation of geochemical banding: Theoretical modeling and fractal structure in acidization-diffusion-precipitation dynamics},
	author={Al-Ghoul, Mazen and Sultan, Rabih},
	journal={Physical Review E},
	volume={100},
	number={5},
	pages={052214},
	year={2019},
	publisher={APS}
}

@article{tsuji2012chemical,
	title={Chemical reaction evolving on a droplet},
	author={Tsuji, Kinko and M\"uller, Stefan C},
	journal={The journal of physical chemistry letters},
	volume={3},
	number={8},
	pages={977--980},
	year={2012},
	publisher={ACS Publications}
}

@article{schuszter2016calcium,
	title={Calcium carbonate mineralization in a confined geometry},
	author={Schuszter, Ga{\'a}bor and Brau, Fabian and De Wit, Anne},
	journal={Environmental Science \& Technology Letters},
	volume={3},
	number={4},
	pages={156--159},
	year={2016},
	publisher={ACS Publications}
}

@article{jiang1990simulation,
	title={Simulation study of reaction fronts},
	author={Jiang, Z and Ebner, C},
	journal={Physical Review A},
	volume={42},
	number={12},
	pages={7483},
	year={1990},
	publisher={APS}
}

@article{von2013measurement,
	title={Measurement of large spiral and target waves in chemical reaction-diffusion-advection systems: Turbulent diffusion enhances pattern formation},
	author={von Kameke, Alexandra and Huhn, Florian and Mu{\~n}uzuri, Alberto P and P{\'e}rez-Mu{\~n}uzuri, Vicente},
	journal={Physical review letters},
	volume={110},
	number={8},
	pages={088302},
	year={2013},
	publisher={APS}
}

@article{stamminger2012moraba,
	title={MORABA-Overview on DLR's Mobile Rocket Base and Projects},
	author={Stamminger, Andreas},
	journal={SpaceOps 2012},
	pages={1272497},
	year={2012}
}

@misc{schulz2022hardware_and_num,
	author = {Dr. Hendrik Schulz},
	title = {Hardware \& Numerics},
	url = {https://www.hzdr.de/db/Cms?pOid=67578},
	howpublished = {\url{https://www.hzdr.de/db/Cms?pOid=67578}},
	note = {Accessed: 2022-12-15}
}

@misc{corning,
	author = {Corning AFR},
	title = {Advanced Flow Reactors},
	howpublished = {\url{https://www.corning.com/media/worldwide/Innovation/documents/G1_WEB.pdf}},
	note = {Accessed: 2022-12-28}
}

@article{PhysRevA.38.3151,
	title = {Properties of the reaction front in an $A+B\ensuremath{\rightarrow}C$ type reaction-diffusion process},
	author = {G\'alfi, L. and R\'acz, Z.},
	journal = {Phys. Rev. A},
	volume = {38},
	issue = {6},
	pages = {3151--3154},
	numpages = {0},
	year = {1988},
	month = {Sep},
	publisher = {American Physical Society},
	doi = {10.1103/PhysRevA.38.3151},
	url = {https://link.aps.org/doi/10.1103/PhysRevA.38.3151}
}

@article{zhao2011operator,
	title={Operator splitting implicit integration factor methods for stiff reaction--diffusion--advection systems},
	author={Zhao, Su and Ovadia, Jeremy and Liu, Xinfeng and Zhang, Yong-Tao and Nie, Qing},
	journal={Journal of computational physics},
	volume={230},
	number={15},
	pages={5996--6009},
	year={2011},
	publisher={Elsevier}
}

@article{stergiou2022effects,
	title={Effects of gravity modulation on the dynamics of a radial A+ B→ C reaction front},
	author={Stergiou, Yorgos and Hauser, Marcus JB and Comolli, Alessandro and Brau, Fabian and, Anne and Schuszter, G{\'a}bor and Papp, Paszk{\'a}l and Horv{\'a}th, Dezs{\H{o}} and Roux, Cl{\'e}ment and Pimienta, V{\'e}ronique and others},
	journal={Chemical Engineering Science},
	volume={257},
	pages={117703},
	year={2022},
	publisher={Elsevier}
}

@article{heidel1988pattern,
	title={Pattern formation at liquid interfaces},
	author={Heidel, Barbara and Knobler, Charles M and Hilfer, Rudolph and Bruinsma, Robijn},
	journal={Physical review letters},
	volume={60},
	number={24},
	pages={2492},
	year={1988},
	publisher={APS}
}

@article{brau2020influence,
	title={Influence of rectilinear vs radial advection on the yield of A+ B→ C reaction fronts: A comparison},
	author={Brau, Fabian and De Wit, Anne},
	journal={The Journal of chemical physics},
	volume={152},
	number={5},
	pages={054716},
	year={2020},
	publisher={AIP Publishing LLC}
}

@article{nunge1969mechanisms,
	title={Mechanisms affecting dispersion and miscible displacement},
	author={Nunge, Richard J and Gill, William N},
	journal={Industrial \& Engineering Chemistry},
	volume={61},
	number={9},
	pages={33--49},
	year={1969},
	publisher={ACS Publications}
}

@book{darwish2021finite,
	title={The finite volume method in computational fluid dynamics: an advanced introduction with OpenFOAM{\textregistered} and Matlab{\textregistered}},
	author={Darwish, Marwan and Moukalled, Fadl},
	year={2021},
	publisher={Springer}
}